% Encoding: UTF-8

@Article{Ng2017,
  author     = {Ng, George and Thiemann ,Ulrich},
  date       = {2017-10-04},
  title      = {Write Your Own Checks With z/OS Health Checker},
  titleaddon = {IBM provides a set of check routines for IBM Health Checker for z/OS that examine specific settings or values for potential problems and here are the general steps.},
  url        = {https://www.ibmsystemsmag.com/IBM-Z/04/2017/z-os-health-checker},
}

@Book{Cosimo2018,
  author = {Cosimo , Guillermo and Kuehner, Lutz},
  date   = {2018-04},
  title  = {ABCs of z/OS System Programming Volume 2},
  file   = {:Bib/zOS System programming guide VOL 2.pdf:PDF},
}

@Book{IBM2019,
  author  = {IBM},
  date    = {2019},
  title   = {MVS System Messages Volume 6 (GOS -IEA)},
  chapter = {Chapter 10},
  file    = {:Bib/MVS system messages VOL 6.pdf:PDF},
}

@Manual{IBMCorporation2019,
  author  = {IBMCorporation},
  date    = {2019-06-24},
  title   = {IBM Health Checker for z/OSUser's Guide},
  edition = {version 2 edition 3},
  file    = {:C\:/Users/Jonas-PC-2/Downloads/e0zl100_v2r3.pdf:PDF},
}

@Book{Parziale2017,
  author = {Parziale, Lydia And Fadel, Luiz And Jon, Stanley},
  date   = {2017-11},
  title  = {ABCs of z/OS System Programming Volume 1},
  file   = {:Bib/zOS System programming guide.pdf:PDF},
}

@Book{Bezzi2010,
  author = {Bezzi, Mario and O'Conner, Neil and Philips, Sharon and Thiemann, Ulrich},
  date   = {2010-12},
  title  = {Exploiting the IBM Health Checker for z/OS Infrastructure},
  file   = {:C\:/Users/Jonas-PC-2/Downloads/redp4590.pdf:PDF},
}

@Online{Walle2013,
  author = {Walle , Marne},
  date   = {2013-02-05},
  title  = {Introduction and Getting Started with theIBM Health Checker for z/OS},
  url    = {https://share.confex.com/share/120/webprogram/Session13118.html},
  file   = {:C\:/Users/Jonas-PC-2/Downloads/Intro and Getting Started with HC.pdf:PDF},
}

@Book{Ebbers2011,
  author = {Ebbers, Mike and Kettner, John and O'Brien, Wayne and Ogden, Bill},
  date   = {2011-03},
  title  = {Introduction to the New Mainframe z/OS Basics},
  file   = {:C\:/Users/Jonas-PC-2/Downloads/Introduction to the new mainframe.pdf:PDF},
}

@Book{ChrisRayns2011,
  author = {Rayns, Chris},
  date   = {2011-12},
  title  = {CICS TransactionServer fromStart to Finish},
  file   = {:C\:/Users/Jonas-PC-2/Documents/Hogent/Hogent 1920/Bachelorproef/Bib/CICS Transaction Server from Start to Finish.pdf:PDF},
}

@Article{IBM2010,
  author = {IBM},
  date   = {2010},
  title  = {Serving dynamic Web pages on z/OS},
  url    = {https://www.ibm.com/support/knowledgecenter/zosbasics/com.ibm.zos.zmidwebs/zmiddle_86.htm?view=embed#zmiddle_86__usingplug},
}

@Comment{jabref-meta: databaseType:biblatex;}
